<?xml version="1.0" encoding="UTF-8"?><record xmlns="http://www.loc.gov/MARC21/slim" xmlns:cinclude="http://apache.org/cocoon/include/1.0" xmlns:zs="http://www.loc.gov/zing/srw/">
  <leader>00552nz  a2200133n  4500</leader>
  <controlfield tag="001">no2009017967</controlfield>
  <controlfield tag="003">DLC</controlfield>
  <controlfield tag="005">20090207082308.0</controlfield>
  <controlfield tag="008">090205n| acannaabn          |n aaa     c</controlfield>
  <datafield tag="010" ind1=" " ind2=" ">
    <subfield code="a">no2009017967</subfield>
  </datafield>
  <datafield tag="035" ind1=" " ind2=" ">
    <subfield code="a">(OCoLC)oca08006690</subfield>
  </datafield>
  <datafield tag="040" ind1=" " ind2=" ">
    <subfield code="a">PU-L</subfield>
    <subfield code="b">eng</subfield>
    <subfield code="c">PU-L</subfield>
  </datafield>
  <datafield tag="100" ind1="1" ind2=" ">
    <subfield code="a">Pilkington, Nanette</subfield>
  </datafield>
  <datafield tag="670" ind1=" " ind2=" ">
    <subfield code="a">Libya, a guide to commercial law, banking law and accounting, 2008:</subfield>
    <subfield code="b">t.p. (Nanette Pilkington, Eversheds LLP) p. x (specializes in non-contentious oil and gas work and project financing, international commercial arbitration, and public international law)</subfield>
  </datafield>
</record>